@book{han2011data,
  title={Data mining: concepts and techniques},
  author={Han, Jiawei and Pei, Jian and Kamber, Micheline},
  year={2011},
  publisher={Elsevier}
}

@article{barrick2013genome,
  title={Genome dynamics during experimental evolution},
  author={Barrick, Jeffrey E and Lenski, Richard E},
  journal={Nature Reviews Genetics},
  volume={14},
  number={12},
  pages={827},
  year={2013},
  publisher={Nature Publishing Group}
}
